
@online{nodeHome,
	title = "{Node.js}",
	url = "https://nodejs.org/"

}
@online{wasmHome,
	title = "{WebAssembly}",
	url = "https://webassembly.org"

}
@online{wasiHome,
	title = "{WebAssembly System Interface}",
	url = "https://wasi.dev/"

}
@online{rust:wasm,
	title = "{Rust and WebAssembly}",
	url = "https://www.rust-lang.org/what/wasm"

}
@online{wasmDesign,
	title = "{WebAssembly Design}",
	url = "https://github.com/WebAssembly/design"

}
@book{wasmBook,
	author = "Brian Sletten",
	publisher = "O'Reilly Media, Inc",
	title = "{WebAssembly: The Definitive Guide}",
	url = "www.oreilly.com/library/view/webassembly-the-definitive/9781492089834/",
	year = 2021

}
@article{asmjsToWasm,
  author          = {Brendan Eich},
  title           = {From ASM.JS to WebAssembly},
  url = "https://brendaneich.com/2015/06/from-asm-js-to-webassembly",
  year            = {2015}
}
@manual{wasmSpec,
	editor = "Andreas Rossberg",
	title = "{WebAssembly Specification}",
	url = "https://webassembly.github.io/spec/core/#webassembly-specification",
	year = 2023

}